<?xml version="1.0" encoding="UTF-8"?><record xmlns="http://www.loc.gov/MARC21/slim" xmlns:cinclude="http://apache.org/cocoon/include/1.0" xmlns:zs="http://www.loc.gov/zing/srw/">
  <leader>00603cz  a2200145n  4500</leader>
  <controlfield tag="001">n 2009015509</controlfield>
  <controlfield tag="003">DLC</controlfield>
  <controlfield tag="005">20090406074843.0</controlfield>
  <controlfield tag="008">090312n| acannaabn          |a ana      </controlfield>
  <datafield tag="010" ind1=" " ind2=" ">
    <subfield code="a">n 2009015509</subfield>
  </datafield>
  <datafield tag="035" ind1=" " ind2=" ">
    <subfield code="a">(OCoLC)oca08044280</subfield>
  </datafield>
  <datafield tag="040" ind1=" " ind2=" ">
    <subfield code="a">DLC</subfield>
    <subfield code="b">eng</subfield>
    <subfield code="c">DLC</subfield>
    <subfield code="d">IEN</subfield>
  </datafield>
  <datafield tag="110" ind1="2" ind2=" ">
    <subfield code="a">National Basketball League</subfield>
  </datafield>
  <datafield tag="510" ind1="2" ind2=" ">
    <subfield code="a">National Basketball Association</subfield>
  </datafield>
  <datafield tag="670" ind1=" " ind2=" ">
    <subfield code="a">Nelson, Murry R. The National Basketball League, a history, 1935-1949, 2009:</subfield>
    <subfield code="b">ECIP t.p. (National Basketball League) galley (National Basketball League that was in existence from the 1930s until its merger with the National Basketball Association)</subfield>
  </datafield>
</record>